@article{xu2018cfun,
  title={CFUN: Combining Faster R-CNN and U-net Network for Efficient Whole Heart Segmentation},
  author={Xu, Zhanwei and Wu, Ziyi and Feng, Jianjiang},
  journal={arXiv preprint arXiv:1812.04914},
  year={2018}
}
